@article{Papamakarios:2019fms,
    author = "Papamakarios, George and Nalisnick, Eric and Rezende, Danilo Jimenez and Mohamed, Shakir and Lakshminarayanan, Balaji",
    title = "{Normalizing Flows for Probabilistic Modeling and Inference}",
    eprint = "1912.02762",
    archivePrefix = "arXiv",
    primaryClass = "stat.ML",
    doi = "10.5555/3546258.3546315",
    journal = "J. Machine Learning Res.",
    volume = "22",
    number = "1",
    pages = "2617--2680",
    year = "2021"
}